@article{10.1257/aer.20200451,
Author = {Dynarski, Susan and Libassi, CJ and Michelmore, Katherine and Owen, Stephanie},
Title = {Closing the Gap: The Effect of Reducing Complexity and Uncertainty in College Pricing on the Choices of Low-Income Students},
Journal = {American Economic Review},
Volume = {111},
Number = {6},
Year = {2021},
Month = {June},
Pages = {1721-56},
DOI = {10.1257/aer.20200451},
URL = {https://www.aeaweb.org/articles?id=10.1257/aer.20200451}}

@article{10.1257/aer.20181607,
Author = {Goncalves, Felipe and Mello, Steven},
Title = {A Few Bad Apples? Racial Bias in Policing},
Journal = {American Economic Review},
Volume = {111},
Number = {5},
Year = {2021},
Month = {May},
Pages = {1406-41},
DOI = {10.1257/aer.20181607},
URL = {https://www.aeaweb.org/articles?id=10.1257/aer.20181607}}

@article{10.1257/aer.20190553,
Author = {Adermon, Adrian and Lindahl, Mikael and Palme, MÃ¥rten},
Title = {Dynastic Human Capital, Inequality, and Intergenerational Mobility},
Journal = {American Economic Review},
Volume = {111},
Number = {5},
Year = {2021},
Month = {May},
Pages = {1523-48},
DOI = {10.1257/aer.20190553},
URL = {https://www.aeaweb.org/articles?id=10.1257/aer.20190553}}

@Book{Adler:1998:MDL,
  author =       "Frederick R. Adler",
  title =        "Modeling the Dynamics of Life: Calculus and
                 Probability for Life Scientists",
  publisher =    pub-BROOKS-COLE,
  address =      pub-BROOKS-COLE:adr,
  pages =        "xvi + 784",
  year =         "1998",
  ISBN =         "0-534-34816-5",
  ISBN-13 =      "978-0-534-34816-8",
  LCCN =         "QA303 .A367 1998",
  bibdate =      "Sat Jul 3 12:22:36 2004",
  bibsource =    "http://www.math.utah.edu/pub/tex/bib/utah-math-dept-books.bib",
  acknowledgement = ack-nhfb,
}

@article{10.1257/aer.20181779,
Author = {Beerli, Andreas and Ruffner, Jan and Siegenthaler, Michael and Peri, Giovanni},
Title = {The Abolition of Immigration Restrictions and the Performance of Firms and Workers: Evidence from Switzerland},
Journal = {American Economic Review},
Volume = {111},
Number = {3},
Year = {2021},
Month = {March},
Pages = {976-1012},
DOI = {10.1257/aer.20181779},
URL = {https://www.aeaweb.org/articles?id=10.1257/aer.20181779}}

